<?xml version="1.0" encoding="UTF-8"?><collection xmlns="http://www.loc.gov/MARC21/slim"><record><leader>00478nam--2200157-i-4500</leader><controlfield tag="001">000010893</controlfield><controlfield tag="002">20161230</controlfield><controlfield tag="005">20170115162341</controlfield><controlfield tag="008">060222s1000------------r-----000-0-eng-d</controlfield><datafield ind1=" " ind2=" " tag="080"><subfield code="a">621.762.5:669.138.8(043)</subfield></datafield><datafield ind1=" " ind2=" " tag="100"><subfield code="a">Astier, Marcel</subfield></datafield><datafield ind1=" " ind2=" " tag="245"><subfield code="a">Comportement des particules submicronique de dioxyde de titane au cours du frittage isotherme</subfield><subfield code="b">these</subfield></datafield><datafield ind1=" " ind2=" " tag="260"><subfield code="a">Lyon</subfield><subfield code="b">Universite Claude Bernard-Lyon</subfield><subfield code="c">1972</subfield></datafield><datafield ind1=" " ind2=" " tag="300"><subfield code="a">54 p</subfield></datafield><datafield ind1=" " ind2=" " tag="852"><subfield code="a">40332</subfield></datafield><datafield ind1=" " ind2=" " tag="CAT"><subfield code="a">SYS</subfield><subfield code="c">20170115</subfield><subfield code="h">162341</subfield></datafield></record></collection>